
@article{graser_visibility_graph,
	author = {Graser, Anita},
	year = {2016},
	month = {06},
	pages = {217-230},
	title = {Integrating Open Spaces into OpenStreetMap Routing Graphs for Realistic Crossing Behaviour in Pedestrian Navigation},
	volume = {1}
}

@article{lozano-perez_visibility_graph,
    author = {Lozano-P{\'e}rez, Tom\'{a}s and Wesley, Michael A.},
    title = {An Algorithm for Planning Collision-free Paths Among Polyhedral Obstacles},
    journal = {Commun. ACM},
    issue_date = {Oct. 1979},
    volume = {22},
    number = {10},
    month = oct,
    year = {1979},
    issn = {0001-0782},
    pages = {560--570},
    numpages = {11},
    url = {http://doi.acm.org/10.1145/359156.359164},
    doi = {10.1145/359156.359164},
    acmid = {359164},
    publisher = {ACM},
    address = {New York, NY, USA},
    keywords = {collision-free paths, graph searching, growing objects, path finding, polyhedral objects, polyhedral obstacles},
} 

@article{dzafic_spider_web_graph,
	author = {Dzafic, Dzenan and Klug, Stefan and Franke, Dominik and Kowalewski, Stefan},
	year = {2015},
	month = {07},
	title = {Routing über Flächen mit SpiderWebGraph}
}

@misc{osm_wiki_area,
    title = {Area --- OpenStreetMap Wiki{,} },
    year  = {2016},
    url = {https://wiki.openstreetmap.org/wiki/Area},
    note = {[Online; accessed 14-Oktober-2017]},
    urldate = {2017-10-14}
}

@misc{osm_wiki_relation,
    title = {Relation --- OpenStreetMap Wiki{,} },
    year = {2017},
    url = {http://wiki.openstreetmap.org/w/index.php?title=Relation&oldid=1481354},
    note = {[Online; accessed 25-November-2017]},
    urldate = {2017-06-09}
}

@misc{osm_wiki_multipolygon,
    title = {Relation:multipolygon --- OpenStreetMap Wiki{,} },
    year  = {2017},
    url = {https://wiki.openstreetmap.org/wiki/Relation:multipolygon},
    note = {[Online; accessed 15-Oktober-2017]},
    urldate = {2017-07-02}
}

@techreport{opengis_simple_features,
    type = {Standard},
    title = {OpenGIS Simple Features Specification For OLE/COM --- Revision 1.1},
    year = {1999},
    month = may,
    institution = {Open GIS Consortium, Inc.},
    pages = {2-13--2-15}
}

@Inbook{aichholzer_skeleton,
    author="Aichholzer, Oswin
    and Aurenhammer, Franz
    and Alberts, David
    and G{\"a}rtner, Bernd",
    editor="Maurer, Hermann
    and Calude, Cristian
    and Salomaa, Arto",
    title="A Novel Type of Skeleton for Polygons",
    bookTitle="J.UCS The Journal of Universal Computer Science: Annual Print and CD-ROM Archive Edition Volume 1 {\textbullet} 1995",
    year="1996",
    publisher="Springer Berlin Heidelberg",
    address="Berlin, Heidelberg",
    pages="752--761",
    isbn="978-3-642-80350-5",
    doi="10.1007/978-3-642-80350-5_65",
    url="https://doi.org/10.1007/978-3-642-80350-5_65"
}

@article{geospatial_analysis,
  title={Geospatial analysis},
  author={De Smith, Michael J and Goodchild, Michael F and Longley, Paul A},
  journal={Matador},
  year={2009}
}

@book{gid_fundamentals,
  title={GIS Fundamentals: A First Text on Geographic Information Systems.},
  author={Bolstad, Paul},
  year={2005},
  publisher={Eider Press}
}

@article{cost_path_analysis,
  title={Least-cost path in GIS using an accumulated cost surface and slopelines},
  author={Douglas, David H},
  journal={Cartographica: the international journal for Geographic Information and Geovisualization},
  volume={31},
  number={3},
  pages={37--51},
  year={1994},
  publisher={University of Toronto Press}
}

@misc{gis-wiki:cost-path-analysis,
    title = {Cost Path Analysis},
    year  = {2016},
    url = {http://wiki.gis.com/wiki/index.php/Cost_Path_Analysis},
    note = {[Online; accessed 5-December-2017]},
    urldate = {2017-12-05}
}

@misc{osm_data_switzerland,
    title = {OSM Data for Switzerland},
    year  = {2017},
    url = {https://planet.osm.ch/},
    note = {[Online; accessed 20-Oktober-2017]},
    urldate = {2017-10-20}
}

@misc{hsr_tourpl,
    title = {Tourpl - einfach Touren planen...},
    year  = {2017},
    url = {http://tourpl.ch/},
    note = {[Online; accessed 20-Oktober-2017]},
    urldate = {2017-10-20}
}

@misc{geometa_lab_hsr,
    title = {Geometa Lab at HSR},
    year  = {2017},
    url = {https://www.ifs.hsr.ch/index.php?id=12520},
    note = {[Online; accessed 20-Oktober-2017]},
    urldate = {2017-10-20}
}

@misc{pyosmium,
    title = {PyOsmium},
    year  = {2017},
    url = {http://osmcode.org/pyosmium/},
    note = {[Online; accessed 22-Oktober-2017]},
    urldate = {2017-10-22}
}

@misc{shapely,
    title = {Shapely},
    year  = {2017},
    url = {https://github.com/Toblerity/Shapely},
    note = {[Online; accessed 22-Oktober-2017]},
    urldate = {2017-10-22}
}

@misc{structurizr,
    title = {Structurizr},
    year  = {2017},
    url = {https://structurizr.com/},
    note = {[Online; accessed 25-Oktober-2017]},
    urldate = {2017-10-25}
}

@misc{c4model,
    title = {C4 model},
    year  = {2017},
    url = {https://c4model.com/},
    note = {[Online; accessed 25-Oktober-2017]},
    urldate = {2017-10-25}
}

@misc{valhalla,
    title = {Valhalla},
    year  = {2017},
    url = {https://github.com/valhalla},
    note = {[Online; accessed 25-Oktober-2017]},
    urldate = {2017-10-25}
}

@misc{graphhopper,
    title = {Graphhopper},
    year  = {2017},
    url = {https://www.graphhopper.com/},
    note = {[Online; accessed 25-Oktober-2017]},
    urldate = {2017-10-25}
}

@misc{osrm,
    title = {OSRM},
    year  = {2017},
    url = {http://project-osrm.org/},
    note = {[Online; accessed 13-November-2017]},
    urldate = {2017-11-13}
}

@article{eval_routing_engine,
    author = {Ramm, Frederik},
    year = {2017},
    month = {03},
    pages = {12-31},
    title = {Routing Engines für OpenStreetMap},
    volume = {1}
}

@misc{search_ch_route_api,
    title = {Fahrplan - API Spezifikation - search.ch},
    year  = {2017},
    url = {https://fahrplan.search.ch/api/help},
    note = {[Online; accessed 29-Oktober-2017]},
    urldate = {2017-10-29}
}

@misc{osmosis,
    title = {Osmosis},
    year  = {2017},
    url = {https://github.com/openstreetmap/osmosis},
    note = {[Online; accessed 07-November-2017]},
    urldate = {2017-11-07}
}

@misc{flask,
    title = {Flask},
    year  = {2017},
    url = {http://flask.pocoo.org},
    note = {[Online; accessed 19-November-2017]},
    urldate = {2017-11-19}
}

@misc{flask-restplus,
    title = {Flask-RESTPlus},
    year  = {2017},
    url = {https://flask-restplus.readthedocs.io/en/stable},
    note = {[Online; accessed 19-November-2017]},
    urldate = {2017-11-19}
}

@misc{swagger,
    title = {Swagger},
    year  = {2017},
    url = {https://swagger.io},
    note = {[Online; accessed 19-November-2017]},
    urldate = {2017-11-19}
}

@misc{plaza-routing-api-spez,
    title = {Plaza Routing API Spezifikaiton},
    year  = {2017},
    url = {https://plazaroute.github.io/api},
    note = {[Online; accessed 19-November-2017]},
    urldate = {2017-11-19}
}

@misc{plaza-routing-api-swaggerui,
    title = {Plaza Routing API SwaggerUI},
    year  = {2017},
    url = {https://plazaroute.github.io/api/swagger-ui},
    note = {[Online; accessed 19-November-2017]},
    urldate = {2017-11-19}
}

@misc{open-api-specificaiton,
    title = {OpenAPI Specification},
    year  = {2017},
    url = {https://swagger.io/specification},
    note = {[Online; accessed 19-November-2017]},
    urldate = {2017-11-19}
}

@misc{wiki:overpass,
    author = "OpenStreetMap Wiki",
    title = "Overpass API --- OpenStreetMap Wiki{,} ",
    year = "2017",
    url = "http://wiki.openstreetmap.org/w/index.php?title=Overpass_API&oldid=1525290",
    note = "[Online; accessed 19-November-2017]"
}

@BOOK {fault_tolerant_software,
    author    = "Robert Hanmer",
    title     = "Patterns for Fault Tolerant Software",
    publisher = "John Wiley \& Sons, Ltd",
    year      = "2007"
}

@misc{github:PlazaRoute-doc,
    title = {Github: PlazaRoute/doc},
    year  = {2017},
    url = {https://github.com/PlazaRoute/doc},
    note = {[Online; accessed 24-November-2017]},
    urldate = {2017-11-24}
}

@misc{github:PlazaRoute,
    title = {Github: PlazaRoute},
    year  = {2017},
    url = {https://github.com/PlazaRoute/plazaroute},
    note = {[Online; accessed 26-November-2017]},
    urldate = {2017-11-26}
}

@misc{dockerhub:plazaroute,
    title = {Docker Hub: PlazaRoute},
    year  = {2017},
    url = {https://hub.docker.com/u/plazaroute/},
    note = {[Online; accessed 08-December-2017]},
    urldate = {2017-12-08}
}


@misc{PlazaRoute-apidoc,
    title = {PlazaRoute API-Dokumentation},
    year  = {2017},
    url = {https://plazaroute.github.io/plazaroute/},
    note = {[Online; accessed 26-November-2017]},
    urldate = {2017-11-26}
}


@misc{travis-ci,
    title = {Travis CI},
    year  = {2017},
    url = {https://travis-ci.org/},
    note = {[Online; accessed 26-November-2017]},
    urldate = {2017-11-26}
}

@misc{circleci,
    title = {CircleCI},
    year  = {2017},
    url = {https://circleci.com/},
    note = {[Online; accessed 26-November-2017]},
    urldate = {2017-11-26}
}

@misc{sphinx,
    title = {Sphinx doc},
    year  = {2017},
    url = {http://www.sphinx-doc.org/},
    note = {[Online; accessed 26-November-2017]},
    urldate = {2017-11-26}
}

@article{rtree_Guttman,
    author = {Guttman, Antonin},
    title = {R-trees: A Dynamic Index Structure for Spatial Searching},
    journal = {SIGMOD Rec.},
    issue_date = {June 1984},
    volume = {14},
    number = {2},
    month = jun,
    year = {1984},
    issn = {0163-5808},
    pages = {47--57},
    numpages = {11},
    url = {http://doi.acm.org/10.1145/971697.602266},
    doi = {10.1145/971697.602266},
    acmid = {602266},
    publisher = {ACM},
    address = {New York, NY, USA},
}

@article{gof_patterns,
    title={Design patterns: Elements of reusable object-oriented software},
    author={Vlissides, John and Helm, Richard and Johnson, Ralph and Gamma, Erich},
    journal={Reading: Addison-Wesley},
    volume={49},
    number={120},
    pages={11},
    year={1995}
}

@article{Dijkstra_algorithm,
    author="Dijkstra, E. W.",
    title="A note on two problems in connexion with graphs",
    journal="Numerische Mathematik",
    year="1959",
    month="Dec",
    day="01",
    volume="1",
    number="1",
    pages="269--271",
    issn="0945-3245",
    doi="10.1007/BF01386390",
    url="https://doi.org/10.1007/BF01386390"
}

@article{astar,
    author={P. E. Hart and N. J. Nilsson and B. Raphael},
    journal={IEEE Transactions on Systems Science and Cybernetics},
    title={A Formal Basis for the Heuristic Determination of Minimum Cost Paths},
    year={1968},
    volume={4},
    number={2},
    pages={100-107},
    keywords={Automatic control;Automatic programming;Chemical technology;Costs;Functional programming;Gradient methods;Instruction sets;Mathematical programming;Minimax techniques;Minimization methods},
    doi={10.1109/TSSC.1968.300136},
    ISSN={0536-1567},
    month={July}
}

@article{douglas-peucker_algorithm,
    author = {DAVID H DOUGLAS and THOMAS K PEUCKER},
    title = {ALGORITHMS FOR THE REDUCTION OF THE NUMBER OF POINTS REQUIRED TO REPRESENT A DIGITIZED LINE OR ITS CARICATURE},
    journal = {Cartographica: The International Journal for Geographic Information and Geovisualization},
    volume = {10},
    number = {2},
    pages = {112-122},
    year = {1973},
    doi = {10.3138/FM57-6770-U75U-7727},
}

@misc{maturity_model,
    title = {Maturity Model},
    year  = {2017},
    url = {https://martinfowler.com/articles/richardsonMaturityModel.html},
    note = {[Online; accessed 02-December-2017]},
    urldate = {2017-12-02}
}

@misc{uwsgi,
    title = {uWSGI},
    year  = {2017},
    url = {https://uwsgi-docs.readthedocs.io/en/latest/},
    note = {[Online; accessed 08-December-2017]},
    urldate = {2017-12-08}
}

@misc{nginx,
    title = {Nginx},
    year  = {2017},
    url = {https://nginx.org/},
    note = {[Online; accessed 08-December-2017]},
    urldate = {2017-12-08}
}

@misc{docker-compose,
    title = {Docker Compose},
    year  = {2017},
    url = {https://docs.docker.com/compose/overview/},
    note = {[Online; accessed 08-December-2017]},
    urldate = {2017-12-08}
}

@misc{qgis_plugin_builder,
    title = {QGIS Plugin Builder},
    year  = {2017},
    url = {https://g-sherman.github.io/Qgis-Plugin-Builder/},
    note = {[Online; accessed 07-December-2017]},
    urldate = {2017-12-07}
}
