
@article{graser_visibility_graph,
	author = {Graser, Anita},
	year = {2016},
	month = {06},
	pages = {217-230},
	title = {Integrating Open Spaces into OpenStreetMap Routing Graphs for Realistic Crossing Behaviour in Pedestrian Navigation},
	volume = {1}
}

@article{dzafic_spider_web_graph,
	author = {Dzafic, Dzenan and Klug, Stefan and Franke, Dominik and Kowalewski, Stefan},
	year = {2015},
	month = {07},
	title = {Routing über Flächen mit SpiderWebGraph}
}

@misc{osm_wiki_area,
    title = {Area --- OpenStreetMap Wiki{,} },
    year  = {2016},
    url = {https://wiki.openstreetmap.org/wiki/Area},
    note = {[Online; accessed 14-Oktober-2017]},
    urldate = {2017-10-14}
}